<?xml version="1.0" encoding="UTF-8"?><collection xmlns="http://www.loc.gov/MARC21/slim"><record><leader>00344nam--2200133-i-4500</leader><controlfield tag="001">000045710</controlfield><controlfield tag="002">20161230</controlfield><controlfield tag="005">20161230201045</controlfield><controlfield tag="008">060222s1000------------r-----000-0-eng-d</controlfield><datafield ind1=" " ind2=" " tag="080"><subfield code="a">539</subfield></datafield><datafield ind1=" " ind2=" " tag="100"><subfield code="a">Troncy,Andre</subfield></datafield><datafield ind1=" " ind2=" " tag="245"><subfield code="a">Mesures de probabilites de transition dans..</subfield></datafield><datafield ind1=" " ind2=" " tag="260"><subfield code="a">Villeurbanne, Inst.De Ph.Nucleaire, 1971. 45 P</subfield></datafield><datafield ind1=" " ind2=" " tag="852"><subfield code="a">35331</subfield></datafield></record></collection>